<?xml version="1.0" encoding="UTF-8"?><collection xmlns="http://www.loc.gov/MARC21/slim"><record><leader>00597nam--2200181-i-4500</leader><controlfield tag="001">000011902</controlfield><controlfield tag="002">20161230</controlfield><controlfield tag="005">20161230201029</controlfield><controlfield tag="008">060222s1000------------r-----000-0-fre-d</controlfield><datafield ind1=" " ind2=" " tag="040"><subfield code="a">IFIN-HH</subfield></datafield><datafield ind1=" " ind2=" " tag="041"><subfield code="a">fre</subfield></datafield><datafield ind1=" " ind2=" " tag="080"><subfield code="a">539.31:539.37(043)</subfield></datafield><datafield ind1="1" ind2=" " tag="100"><subfield code="a">Brunet, Michel</subfield></datafield><datafield ind1="1" ind2="0" tag="245"><subfield code="a">Theorie du 1 et 2 ordre des barres longues a profil mince ouvert soumises a un chargement qu elconque. methode de resolution numerique et ap plications</subfield><subfield code="b">These</subfield><subfield code="c">Michel brunet</subfield></datafield><datafield ind1=" " ind2=" " tag="260"><subfield code="a">Lyon</subfield><subfield code="b">Universite Claude Bernard-lyon</subfield><subfield code="c">1976</subfield></datafield><datafield ind1=" " ind2=" " tag="300"><subfield code="a">182 P</subfield></datafield><datafield ind1=" " ind2=" " tag="852"><subfield code="a">44080</subfield><subfield code="c">539.3</subfield></datafield><datafield ind1=" " ind2=" " tag="CAT"><subfield code="a">Sys</subfield><subfield code="c">20130121</subfield><subfield code="h">144733</subfield></datafield></record></collection>